% This file was created with JabRef 2.10.
% Encoding: UTF-8


@Article{twoprecond07,
  Title                    = {Two preconditioners for saddle point problems in fluid flows},
  Author                   = {A.C. de Niet and F.W. Wubs},
  Journal                  = {INTERNATIONAL JOURNAL FOR NUMERICAL METHODS IN FLUIDS},
  Year                     = {2007},

  Owner                    = {manuel},
  Timestamp                = {2017.02.24}
}

@Article{ZulehnerPreconditionersPDE,
  Title                    = {SYMMETRIC INDEFINITE PRECONDITIONERS FOR SADDLE POINT PROBLEMS WITH APPLICATIONS TO PDE-CONSTRAINED OPTIMIZATION PROBLEMS},
  Author                   = {Joachim Sch\"oberl and Walter Zulehner},
  Journal                  = {SIAM Journal on Matrix Analysis and Applications},
  Year                     = {2007},
  Number                   = {3},
  Pages                    = {752-773},
  Volume                   = {29},

  File                     = {:/home/manuel/Schreibtisch/MA/literature/ZulehnerSaddlePDE.pdf:PDF},
  Journaltitle             = {SIAM Journal on Matrix Analysis and Applications}
}

@Article{BenziNumSolSaddle,
  Title                    = {Numerical solution of saddle point problems},
  Author                   = {Michele Benzi and Gene H. Golub and J\"org Liesen},
  Journal                  = {Acta Numerica},
  Year                     = {2005},
  Number                   = {14},
  Pages                    = {1-137},

  Date                     = {May},
  File                     = {:/home/manuel/Schreibtisch/MA/literature/BenziNumSaddle.pdf:PDF},
  Journaltitle             = {Acta Numerica}
}
